<collection xmlns="http://www.loc.gov/MARC21/slim">
<record>
  <leader>02185nam0a22003491i 450 </leader>
  <controlfield tag="001">IT\ICCU\CNCE\048484</controlfield>
  <controlfield tag="005">20100316000000.0</controlfield>
  <datafield tag="012" ind1=" " ind2=" ">
    <subfield code="a">tein leco r.mo qupi (C) 1517 (R)</subfield>
    <subfield code="2">fei</subfield>
    <subfield code="9">1</subfield>
  </datafield>
  <datafield tag="012" ind1=" " ind2=" ">
    <subfield code="a">nue- I.ie i-II dint (C) 1517 (R)</subfield>
    <subfield code="2">fei</subfield>
    <subfield code="9">2</subfield>
  </datafield>
  <datafield tag="100" ind1=" " ind2=" ">
    <subfield code="a">19990416d1517        0itac0103    ba</subfield>
  </datafield>
  <datafield tag="101" ind1=" " ind2=" ">
    <subfield code="a">LAT</subfield>
  </datafield>
  <datafield tag="102" ind1=" " ind2=" ">
    <subfield code="a">IT</subfield>
  </datafield>
  <datafield tag="200" ind1="1" ind2=" ">
    <subfield code="a">℗Clarissimi artium et theologiae doctoris magistri Michaelis Sarrauetii de Petra sancta Ordinis praedicatorum de obseruantia: regentis Studii in conuentu Mineruae de Vrbe ac in Romana academia methaphisicam ordinarie legentis ℗Quaestio de primo cognito ineadem academia disputata contra Scotistas ad. r. dominum. d. cardinalem de Flisco ordinis. p. dignissimum protectorem. Item Quaestio de insolubilis contra logicos nostri temporis ibidem disputata</subfield>
  </datafield>
  <datafield tag="210" ind1=" " ind2=" ">
    <subfield code="e">Impressum Romae</subfield>
    <subfield code="g">per Iacobum Mazochium</subfield>
    <subfield code="h">correptumque diligenter per eruditum Iuvenem Antonium de Burzonis Ianuensem</subfield>
    <subfield code="h">die VII Octobris 1517</subfield>
  </datafield>
  <datafield tag="215" ind1=" " ind2=" ">
    <subfield code="a">2 pt. </subfield>
    <subfield code="d">4ʻ</subfield>
  </datafield>
  <datafield tag="300" ind1=" " ind2=" ">
    <subfield code="a">2: Quaestio de insolubilis in eodem gymnasio disputata contra logicos nostri temporis</subfield>
  </datafield>
  <datafield tag="423" ind1=" " ind2="0">
    <subfield code="1">001IT\ICCU\CNCE\054619</subfield>
    <subfield code="1">2001 </subfield>
    <subfield code="a">Quaestio  de insolubilibus in eodem gymnasio disputata contra logicos nostri temporis.</subfield>
  </datafield>
  <datafield tag="620" ind1=" " ind2=" ">
    <subfield code="a">IT</subfield>
    <subfield code="d">Roma</subfield>
  </datafield>
  <datafield tag="700" ind1=" " ind2="1">
    <subfield code="a">Serravezza,</subfield>
    <subfield code="b">Michele</subfield>
    <subfield code="3">IT\ICCU\CNCA\013019</subfield>
  </datafield>
  <datafield tag="712" ind1="0" ind2="0">
    <subfield code="a">Mazzocchi, Giacomo</subfield>
    <subfield code="3">IT\ICCU\CNCT\000067</subfield>
    <subfield code="4">650</subfield>
  </datafield>
  <datafield tag="790" ind1=" " ind2="0">
    <subfield code="a">Michael</subfield>
    <subfield code="c"> : de#Petrasancta</subfield>
    <subfield code="3">IT\ICCU\CNCA\016233</subfield>
    <subfield code="z">Serravezza, Michele</subfield>
  </datafield>
  <datafield tag="790" ind1=" " ind2="1">
    <subfield code="a">Saravetius,</subfield>
    <subfield code="b">Michael</subfield>
    <subfield code="3">IT\ICCU\CNCA\025669</subfield>
    <subfield code="z">Serravezza, Michele</subfield>
  </datafield>
  <datafield tag="790" ind1=" " ind2="1">
    <subfield code="a">Petrasancta,</subfield>
    <subfield code="b">Michael : de</subfield>
    <subfield code="3">IT\ICCU\CNCA\025670</subfield>
    <subfield code="z">Serravezza, Michele</subfield>
  </datafield>
  <datafield tag="791" ind1="0" ind2="0">
    <subfield code="a">Mazochius, Iacobus</subfield>
    <subfield code="3">IT\ICCU\CNCT\003989</subfield>
    <subfield code="z">Mazzocchi, Giacomo</subfield>
  </datafield>
  <datafield tag="791" ind1="0" ind2="0">
    <subfield code="a">Mazochis, Iacobus de</subfield>
    <subfield code="3">IT\ICCU\CNCT\005139</subfield>
    <subfield code="z">Mazzocchi, Giacomo</subfield>
  </datafield>
  <datafield tag="791" ind1="0" ind2="0">
    <subfield code="a">Mazocchius, Iacobus</subfield>
    <subfield code="3">IT\ICCU\CNCT\005140</subfield>
    <subfield code="z">Mazzocchi, Giacomo</subfield>
  </datafield>
  <datafield tag="801" ind1=" " ind2="3">
    <subfield code="a">IT</subfield>
    <subfield code="b">ICCU</subfield>
    <subfield code="c">20201115</subfield>
  </datafield>
  <datafield tag="899" ind1=" " ind2=" ">
    <subfield code="a">Biblioteca comunale. Como</subfield>
    <subfield code="1">CO0059</subfield>
    <subfield code="2">ZCO 01</subfield>
  </datafield>
  <datafield tag="899" ind1=" " ind2=" ">
    <subfield code="a">Biblioteca civica Berio. Genova</subfield>
    <subfield code="z">MUTILO</subfield>
    <subfield code="1">GE0036</subfield>
    <subfield code="2">SGE BE</subfield>
  </datafield>
  <datafield tag="899" ind1=" " ind2=" ">
    <subfield code="a">Biblioteca nazionale Braidense. Milano</subfield>
    <subfield code="1">MI0185</subfield>
    <subfield code="2">MIL NB</subfield>
  </datafield>
  <datafield tag="899" ind1=" " ind2=" ">
    <subfield code="a">Biblioteca comunale Augusta. Perugia</subfield>
    <subfield code="1">PG0109</subfield>
    <subfield code="2">UM1 01</subfield>
  </datafield>
  <datafield tag="899" ind1=" " ind2=" ">
    <subfield code="a">Biblioteca universitaria Alessandrina. Roma</subfield>
    <subfield code="1">RM0280</subfield>
    <subfield code="2">RML 01</subfield>
  </datafield>
</record>
</collection>
